@manual{lab6-manual,
    author = {Hui Hu},
    title = {Airfoil Wake Measurements and Calibration of a Hot Wire Anemometer},
    year = {2024},
    organization = {Iowa State University},
    url = {https://www.aere.iastate.edu/~huhui/teaching/2024-01S/AerE344/lab-instruction/AerE344L-Lab-06-instruction_Wake-Hotwire-caliboration-2024.pdf},
}